@article{justus2002music,
  title={Music perception and cognition},
  author={Justus, Timothy C. and Bharucha, Jamshed J.},
  journal={Stevens' Handbook of Experimental Psychology},
  year={2002},
  publisher={Wiley Online Library}
}

@article{juslin2004expression,
  title={Expression, perception, and induction of musical emotions: A review and a questionnaire study of everyday listening},
  author={Juslin, Patrik N. and Laukka, Petri},
  journal={Journal of New Music Research},
  volume={33},
  number={3},
  pages={217--238},
  year={2004},
  publisher={Taylor \& Francis}
}

@article{palmer1997music,
  title={Music performance},
  author={Palmer, Caroline},
  journal={Annual review of psychology},
  volume={48},
  number={1},
  pages={115--138},
  year={1997}
}

@article{pearce2016neuroaesthetics,
  title={Neuroaesthetics: The cognitive neuroscience of aesthetic experience},
  author={Pearce, Marcus T. and Zaidel, Dahlia W. and Vartanian, Oshin and Skov, Martin and Leder, Helmut and Chatterjee, Anjan and Nadal, Marcos},
  journal={Perspectives on Psychological Science},
  volume={11},
  number={2},
  pages={265--279},
  year={2016},
  publisher={Sage Publications Sage CA: Los Angeles, CA}
}

@article{kawabata2004neural,
  title={Neural correlates of beauty},
  author={Kawabata, Hideaki and Zeki, Semir},
  journal={Journal of neurophysiology},
  volume={91},
  number={4},
  pages={1699--1705},
  year={2004},
  publisher={Am Physiological Soc}
}

@article{brattico2013neuroaesthetics,
  title={The neuroaesthetics of music.},
  author={Brattico, Elvira and Pearce, Marcus},
  journal={Psychology of Aesthetics, Creativity, and the Arts},
  volume={7},
  number={1},
  pages={48},
  year={2013},
  publisher={Educational Publishing Foundation}
}

@article{hargreaves201021,
  title={21. Experimental aesthetics and liking for music},
  author={Hargreaves, David J. and North, Adrian C.},
  year={2010}
}

@article{joshi2011aesthetics,
  title={Aesthetics and emotions in images},
  author={Joshi, Dhiraj and Datta, Ritendra and Fedorovskaya, Elena and Luong, Quang-Tuan and Wang, James Z. and Li, Jia and Luo, Jiebo},
  journal={IEEE Signal Processing Magazine},
  volume={28},
  number={5},
  pages={94--115},
  year={2011},
  publisher={IEEE}
}

@article{jacobs2016aesthetics,
  title={Aesthetics by numbers: links between perceived texture qualities and computed visual texture properties},
  author={Jacobs, Richard H. A. H. and Haak, Koen V. and Thumfart, Stefan and Renken, Remco and Henson, Brian and Cornelissen, Frans W.},
  journal={Frontiers in human neuroscience},
  volume={10},
  pages={343},
  year={2016},
  publisher={Frontiers}
}

@inproceedings{schifanella2015image,
  title={An Image Is Worth More than a Thousand Favorites: Surfacing the Hidden Beauty of Flickr Pictures.},
  author={Schifanella, Rossano and Redi, Miriam and Aiello, Luca Maria},
  booktitle={ICWSM},
  pages={397--406},
  year={2015}
}

@inproceedings{manaris2002progress,
  title={Progress towards recognizing and classifying beautiful music with computers-MIDI-encoded music and the Zipf-Mandelbrot law},
  author={Manaris, Bill and Purewal, Tarsem and McCormick, Charles},
  booktitle={SoutheastCon, 2002. Proceedings IEEE},
  pages={52--57},
  year={2002},
  organization={IEEE}
}

@article{manaris2005zipf,
  title={Zipf's law, music classification, and aesthetics},
  author={Manaris, Bill and Romero, Juan and Machado, Penousal and Krehbiel, Dwight and Hirzel, Timothy and Pharr, Walter and Davis, Robert B.},
  journal={Computer Music Journal},
  volume={29},
  number={1},
  pages={55--69},
  year={2005},
  publisher={MIT Press}
}

@article{hudson2011musical,
  title={Musical beauty and information compression: Complex to the ear but simple to the mind?},
  author={Hudson, Nicholas J.},
  journal={BMC research notes},
  volume={4},
  number={1},
  pages={9},
  year={2011},
  publisher={BioMed Central}
}

@article{mcdermott2013summary,
  title={Summary statistics in auditory perception},
  author={McDermott, Josh H. and Schemitsch, Michael and Simoncelli, Eero P.},
  journal={Nature neuroscience},
  volume={16},
  number={4},
  pages={493},
  year={2013},
  publisher={Nature Publishing Group}
}

@article{brattico2017global,
  title={Global sensory qualities and aesthetic experience in music},
  author={Brattico, Pauli and Brattico, Elvira and Vuust, Peter},
  journal={Frontiers in neuroscience},
  volume={11},
  pages={159},
  year={2017},
  publisher={Frontiers}
}